@article{haas2014history,
  title   = {A history of the unity game engine},
  author  = {Haas, John K},
  journal = {Diss. Worcester Polytechnic Institute},
  volume  = {483},
  number  = {2014},
  pages   = {484},
  year    = {2014}
}